<?xml version="1.0" encoding="UTF-8"?>
<SOAP-ENV:Envelope xmlns:SOAP-ENV="http://schemas.xmlsoap.org/soap/envelope/" xmlns:of="http://oss.dbc.dk/ns/openformat" xmlns:ofo="http://oss.dbc.dk/ns/openformatoutput"><SOAP-ENV:Body><of:formatResponse><marc:record xmlns:marc="http://www.loc.gov/MARC21/slim"><leader>00000ngm a22000000c 4500</leader><controlfield tag="001">870970:28480261</controlfield><controlfield tag="003">DKDLA</controlfield><controlfield tag="005">20101108181028.0</controlfield><controlfield tag="007">vd||v||||</controlfield><controlfield tag="008">101019s2010    dk |||||||||||||||||mul||</controlfield><datafield ind1=" " ind2="0" tag="245"><subfield code="a">Pirates of the Caribbean - den sorte forbandelse</subfield></datafield><datafield ind1=" " ind2=" " tag="260"><subfield code="b">Buena Vista Home Entertainment,</subfield><subfield code="c">[2010]</subfield></datafield><datafield ind1=" " ind2=" " tag="490"><subfield code="a">Disney dvd</subfield></datafield><datafield ind1="1" ind2=" " tag="700"><subfield code="a">Disney, Walt</subfield></datafield><datafield ind1="1" ind2=" " tag="700"><subfield code="a">Verbinski, Gore</subfield></datafield><datafield ind1="1" ind2=" " tag="700"><subfield code="a">Elliott, Ted</subfield></datafield><datafield ind1="1" ind2=" " tag="700"><subfield code="a">Rossio, Terry</subfield></datafield><datafield ind1="1" ind2=" " tag="700"><subfield code="a">Wolski, Dariusz</subfield></datafield><datafield ind1="0" ind2=" " tag="710"><subfield code="a">Walt Disney (firma)</subfield></datafield></marc:record></of:formatResponse></SOAP-ENV:Body></SOAP-ENV:Envelope>
